@misc{particles1,
    title = "КОМПОНЕНТЫ И КЛАССИФИКАЦИЯ ЧАСТИЦ И ИХ СИСТЕМ В КОМПЬЮТЕРНОЙ ГРАФИКЕ",
    howpublished = "Режим доступа: \url{https://www.elibrary.ru/item.asp?id=26847523} (дата обращения: 13.07.2023)",
    year = 2016
}

@misc{voxel,
	title = "A simple, efficient method for realistic animation of clouds",
	howpublished = "Режим доступа: \url{https://www.researchgate.net/publication/220721744_A_simple_efficient_method_for_realistic_animation_of_clouds} (дата обращения: 13.07.2023)",
	year = 2000
}

@misc{pm,
	title = "Physically Based Sky, Atmosphere and Cloud Rendering in Frostbite",
	howpublished = "Режим доступа: \url{https://media.contentapi.ea.com/content/dam/eacom/frostbite/files/s2016-pbs-frostbite-sky-clouds-new.pdf} (дата обращения: 16.07.2023)",
	year = 2016
}

@misc{hzd,
	title = "The Real-Time volumetric cloudscape of Horizon Zero Dawn",
	howpublished = "Режим доступа: \url{http://killzone.dl.playstation.net/killzone/horizonzerodawn/presentations/Siggraph15_Schneider_Real-Time_Volumetric_Cloudscapes_of_Horizon_Zero_Dawn.pdf} (дата обращения: 16.07.2023)",
	year = 2015
}

@misc{frostbite,
	title = "Physically Based Sky, Atmosphere and Cloud Rendering in Frostbite",
	howpublished = "Режим доступа: \url{https://media.contentapi.ea.com/content/dam/eacom/frostbite/files/s2016-pbs-frostbite-sky-clouds-new.pdf} (дата обращения: 16.07.2023)",
	year = 2016
}

@misc{oz,
	title = "Oz: the great and volumetric",
	howpublished = "Режим доступа: \url{https://www.researchgate.net/publication/262309690_Oz_the_great_and_volumetric} (дата обращения: 16.07.2023)",
	year = 2013
}


@article{bio,
    author =  "J. Wilhelms",
    title = "Animals with anatomy",
    journal = "IEEE Computer Graphics and Applications, vol. 17, no. 3",
    pages = "22–30",
    year = "1997"
}