@article{particles1,
	author = {А. Н. Воронцов and Ю. С. Белов},
	title = {Компоненты и классификация частиц и их систем в компьютерной графике},
	journal = {Электронный журнал: наука, техника и образование.},
	year = {2016},
	number = {№ 2(6)},
	
}


@article{voxel,
	author = {Dobashi, Yoshinori and Kaneda, Kazufumi and Yamashita, Hideo and Okita, Tsuyoshi and Nishita, Tomoyuki},
	title = {A simple, efficient method for realistic animation of clouds},
	journal = {Proceedings of ACM SIGGRAPH 2000},
	year = {2000},
}



@article{hzd,
	author = {Andrew Schneider},
	year = {2015},
	title = {The Real-Time volumetric cloudscape of Horizon Zero Dawn},
	journal = {SIGGRAPH 2015}
}

@misc{frostbite,
	title = "Physically Based Sky, Atmosphere and Cloud Rendering in Frostbite [Электронная ресурс].",
	howpublished = "Режим доступа: \url{https://media.contentapi.ea.com/content/dam/eacom/frostbite/files/s2016-pbs-frostbite-sky-clouds-new.pdf} (дата обращения: 16.07.2023)",
	year = 2016
}


@article{oz,
	author = {Wrenninge, Magnus and Kulla, Chris and Lundqvist, Viktor},
	title = {Oz: the great and volumetric},
	year = {2013},
}

@article{clouds,
	title={A Survey of Cloud Lighting and Rendering Techniques},
	author={Hufnagel, R. and Held, M.},
	year={2012},
	journal = {WSCG},
	number = {20},
}


@misc{rasterization,
	title = "Rasterization. CS 148: Summer 2016
	Introduction of Graphics and Imaging",
	howpublished = "Режим доступа: \url{https://mdzahidh.github.io/cs148/assets/slides/03-Rasterization.pdf} (дата обращения: 18.07.2023)",
	year = 2016
}

@inproceedings{vs,
	author = {Benassarou, Aassif and Bittar, Eric and John, Nigel and Lucas, Laurent},
	year = {2005},
	month = {04},
	pages = {47-84},
	title = {MC Slicing for Volume Rendering Applications},
	volume = {3515},
	isbn = {978-3-540-26043-1},
	journal = {Lecture Notes in Computer Science},
	doi = {10.1007/11428848_39}
}

@article{schpok,
	author = {Schpok, Joshua and Simons, Joseph and Ebert, David and Hansen, Charles},
	year = {2003},
	month = {01},
	pages = {},
	title = {A real-time cloud modeling, rendering, and animation system},
	volume = {2005},
	journal = {Proceedings of Symposium on Computer Animation}
}


@misc{photon,
	title = "Построение физически корректных моделей расчета освещенности, формируемой оптическими системами, с применением фотонных карт",
	howpublished = "Режим доступа: \url{https://www.researchgate.net/publication/282185985_POSTROENIE_FIZICESKI_KORREKTNYH_MODELEJ_RASCETA_OSVESENNOSTI_FORMIRUEMOJ_OPTICESKIMI_SISTEMAMI_S_PRIMENENIEM_FOTONNYH_KART} (дата обращения: 23.07.2023)",
	year = 2014
}

@article{partmedia,
	author = {Cerezo, Eva and Perez, Frederic and Pueyo, Xavier and Serón, Francisco and Sillion, François},
	year = {2005},
	month = {06},
	pages = {},
	title = {A Survey on Participating Media Rendering Techniques},
	volume = {21},
	journal = {The Visual Computer},
	doi = {10.1007/s00371-005-0287-1}
}

@article{worley,
	title={A cellular texture basis function},
	author={Steven Worley},
	journal={Proceedings of the 23rd annual conference on Computer graphics and interactive techniques},
	year={1996},
}

@inproceedings{nishita,
	author = {Nishita, Tomoyuki and Dobashi, Yoshinori and Nakamae, Eihachiro},
	year = {1996},
	month = {08},
	pages = {379-386},
	title = {Display of Clouds Taking into Account Multiple Anisotropic Scattering and Sky Light.},
	volume = {30},
	journal = {Computer Graphics},
	doi = {10.1145/237170.237277}
}

@article{implicit,
	author = {Bouthors, Antoine and Neyret, Fabrice and Max, Nelson and Bruneton, Eric and Crassin, Cyril},
	year = {2008},
	month = {02},
	pages = {},
	title = {Interactive multiple anisotropic scattering in clouds},
	journal = {Proceedings of the Symposium on Interactive 3D Graphics and Games, I3D 2008},
	doi = {10.1145/1342250.1342277}
}

@unknown{hzdres,
	author = {Bittner, Karl},
	year = {2020},
	month = {01},
	pages = {},
	title = {The Current State of the Art in Real-Time Cloud Rendering With Raymarching},
	doi = {10.13140/RG.2.2.12721.81761}
}


@misc{python,
	title = "Python [Электронная ресурс].",
	howpublished = "Режим доступа: \url{https://www.python.org/} (дата обращения: 20.08.2023)",
	year = 2001
}

@misc{moderngl,
	title = "ModernGL [Электронная ресурс].",
	howpublished = "Режим доступа: \url{https://moderngl.readthedocs.io/en/latest/index.html} (дата обращения: 20.08.2023)",
	year = 2022
}

@misc{pyqt,
	title = "Qt for Python [Электронная ресурс].",
	howpublished = "Режим доступа: \url{https://doc.qt.io/qtforpython-6/} (дата обращения: 20.11.2023)",
	year = 2023
}



@misc{vsc,
	title = "Visual Studio Code [Электронная ресурс].",
	howpublished = "Режим доступа: \url{https://code.visualstudio.com/} (дата обращения: 03.12.2023)",
	year = 2023
}

@misc{glsl,
	title = "Core Language (GLSL) [Электронная ресурс].",
	howpublished = "Режим доступа: \url{https://www.khronos.org/opengl/wiki/Core_Language_(GLSL)} (дата обращения: 06.11.2023)",
	year = 2021
}

@misc{octree,
	title = "Octree C++ Class TemplaternGL [Электронная ресурс].",
	howpublished = "Режим доступа: \url{http://nomis80.org/code/octree.html} (дата обращения: 05.11.2023)",
	year = 2022
}

@article{shearwarp,
	author = {Philip Lacroute and Marc Levoy},
	title = {Fast Volume Rendering Using a Shear-Warp Factorization of the Viewing Transformation},
	journal = {ACM Computer Graphics},
	year = {1994},
	
}

@article{perlin,
	author = {А.В. Качурин and В.Ю. Ильичев},
	title = {Основы формирования визуальной картины шума Перлина при программировании на языке Python},
	journal = {E-Scio},
	year = {2021},
	number = {№8},
}

@article{neighbours,
	author = {А. А. Могилко},
	title = {Параллельный алгоритм поиска ближайшей точки в радиусе},
	journal = {Машиностроение и компьютерные технологии},
	year = {2013},
	number = {11},
}

@article{mesh,
	author = {О.М. Ротова},
	title = {Методы устранения шума на полигональных сетках},
	journal = {Теория и практика современной науки},
	year = {2021},
	number = {1},
}

@article{rtvg,
	author = {Klaus Engel},
	title = {Real-Time Volume Graphics},
	journal = {ACM SIGGRAPH},
	year = {2004},
}


@misc{amd,
	title="Amd [Электронный ресурс].",
	howpublished="Режим доступа: \url{https://www.amd.com/en.html} (дата обращения: 28.09.2023)"
}

@misc{windows,
	title="Windows 10 Pro 22h2 64-bit  [Электронный ресурс]",
	howpublished="Режим доступа: \url{https://www.microsoft.com/ru-ru/software-download/windows10} (дата обращения: 28.09.2023)."
}

@misc{nvidia,
	title="Nvidia [Электронный ресурс].",
	howpublished="Режим доступа: \url{https://www.nvidia.com/ru-ru/} (дата обращения: 11.12.2023)"
}

@misc{encycle,
	title="Большая российская энциклопедия [Электронная ресурс].",
	howpublished="Режим доступа: \url{https://old.bigenc.ru/} (дата обращения: 13.12.2023)"
}


@inbook{framebuffer,
	author=" Т.О. Перемитина",
	title="Компьютерная графика : учебное пособие.",
	publisher="Томск: Эль Контент",
	year=2012,
	pages="15"
}
